@Article{Peters2008reinf,
	Title                    = {Reinforcement learning of motor skills with policy gradients},
	Author                   = {Jan Peters and Stefan Schaal},
	Journal                  = {Neural Networks},
	Year                     = {2008},
	Number                   = {4},
	Pages                    = {682-697},
	Volume                   = {21}
}
@book{sutton1998reinforcement,
	title={Reinforcement learning: An introduction},
	author={Sutton, Richard S and Barto, Andrew G},
	volume={1},
	number={1},
	year={1998},
	publisher={MIT press Cambridge}
}